<?xml version="1.0" encoding="UTF-8"?>
<marc:record xmlns:marc="http://www.loc.gov/MARC21/slim" xmlns:xsi="http://www.w3.org/2001/XMLSchema-instance" xsi:schemaLocation="http://www.loc.gov/standards/marcxml/schema/MARC21slim.xsd">
  <marc:leader>00000ncc a2200000 u 4500</marc:leader>
  <marc:controlfield tag="001">1001065929</marc:controlfield>
  <marc:controlfield tag="003">DE-633</marc:controlfield>
  <marc:controlfield tag="005">20201021155745.0</marc:controlfield>
  <marc:datafield tag="028" ind1="2" ind2="0">
    <marc:subfield code="a">M.S. 1832.</marc:subfield>
    <marc:subfield code="8">01</marc:subfield>
  </marc:datafield>
  <marc:datafield tag="031" ind1=" " ind2=" ">
    <marc:subfield code="a">1</marc:subfield>
    <marc:subfield code="b">1</marc:subfield>
    <marc:subfield code="c">1</marc:subfield>
    <marc:subfield code="d">Con fuoco</marc:subfield>
    <marc:subfield code="g">G-2</marc:subfield>
    <marc:subfield code="m">pf</marc:subfield>
    <marc:subfield code="n">xFC</marc:subfield>
    <marc:subfield code="o">3/4</marc:subfield>
    <marc:subfield code="p">'''2.B+/B+/B+B/'2.F+/F+/F+/F//:%F-44-8-,8{xEFB/%G-2'{D,xA'C,B'DF/B%F-4,8{xEFB}/</marc:subfield>
    <marc:subfield code="q">last bar: two eight-notes rest, following after note '8B: missing in musical text</marc:subfield>
    <marc:subfield code="r">b</marc:subfield>
    <marc:subfield code="2">pe</marc:subfield>
  </marc:datafield>
  <marc:datafield tag="040" ind1=" " ind2=" ">
    <marc:subfield code="a">DE-633</marc:subfield>
  </marc:datafield>
  <marc:datafield tag="100" ind1="1" ind2=" ">
    <marc:subfield code="a">Chopin, Fryderyk Franciszek</marc:subfield>
    <marc:subfield code="d">1810-1849</marc:subfield>
    <marc:subfield code="j">Ascertained</marc:subfield>
    <marc:subfield code="0">pe51160</marc:subfield>
  </marc:datafield>
  <marc:datafield tag="240" ind1="1" ind2="0">
    <marc:subfield code="a">Scherzos</marc:subfield>
    <marc:subfield code="m">pf</marc:subfield>
    <marc:subfield code="n">op. 20</marc:subfield>
    <marc:subfield code="n">ChomTurC 197</marc:subfield>
    <marc:subfield code="r">b</marc:subfield>
    <marc:subfield code="0">3905206</marc:subfield>
  </marc:datafield>
  <marc:datafield tag="245" ind1="1" ind2="0">
    <marc:subfield code="a">Scherzo | Pour le Piano | Dédié | à Monsieur T. Albrecht | Sécretaire de Légation de S. M. le Roi de Saxe | PAR | F. CHOPIN. | Opera : 20. [space Prıx : 7.|f 50_|c | PARIS, chez MAURICE SCHLESINGER, Rue Rıchelıeu, 97. | Londres, chez Wessel &amp; C_|i|e [space] Leipsick, chez Breıtkopf et Härtel.| Prop_|t|é des Ed_r|s</marc:subfield>
  </marc:datafield>
  <marc:datafield tag="260" ind1=" " ind2=" ">
    <marc:subfield code="a">Paris</marc:subfield>
    <marc:subfield code="b">Maurice Schlesinger</marc:subfield>
    <marc:subfield code="c">[1835-1840]</marc:subfield>
    <marc:subfield code="8">01</marc:subfield>
  </marc:datafield>
  <marc:datafield tag="300" ind1=" " ind2=" ">
    <marc:subfield code="a">1 part</marc:subfield>
    <marc:subfield code="c"/>
    <marc:subfield code="8">01</marc:subfield>
    <marc:subfield code="3"/>
  </marc:datafield>
  <marc:datafield tag="340" ind1=" " ind2=" ">
    <marc:subfield code="d">Engraving</marc:subfield>
    <marc:subfield code="8">01</marc:subfield>
  </marc:datafield>
  <marc:datafield tag="383" ind1=" " ind2=" ">
    <marc:subfield code="b">op. 20</marc:subfield>
  </marc:datafield>
  <marc:datafield tag="500" ind1=" " ind2=" ">
    <marc:subfield code="a">TP engraved, p. [ii, 1] blank, p. 2-17 engraved, p. [18] blank.</marc:subfield>
    <marc:subfield code="3"/>
  </marc:datafield>
  <marc:datafield tag="500" ind1=" " ind2=" ">
    <marc:subfield code="a">Heading, p. 2: F. CHOPIN Op: 20. «</marc:subfield>
    <marc:subfield code="3"/>
  </marc:datafield>
  <marc:datafield tag="500" ind1=" " ind2=" ">
    <marc:subfield code="a">Footline p. 2, 17: Paris chez Maurice Schlesinger [space] M.S. 1832. [space] rue de Richelieu N.|o 97.; p. 3–6, 8–16: M.S. 1832.; p. 7: M S 1832.</marc:subfield>
    <marc:subfield code="3"/>
  </marc:datafield>
  <marc:datafield tag="500" ind1=" " ind2=" ">
    <marc:subfield code="a">TP: publisher’s signature stamp.</marc:subfield>
    <marc:subfield code="3">51003988</marc:subfield>
  </marc:datafield>
  <marc:datafield tag="500" ind1=" " ind2=" ">
    <marc:subfield code="a">This source is in the collection, comprising four bound volumes containing a representative selection of the first editions of Chopin's works published by various publishers.</marc:subfield>
    <marc:subfield code="3">51003988</marc:subfield>
  </marc:datafield>
  <marc:datafield tag="500" ind1=" " ind2=" ">
    <marc:subfield code="a">Scherzo op. 20 as shelfmark 6593/n, in volume II; together with shelmarks: 6590/n, 6591/n, 6592/n, 6594/n, 6595/n, 6596/n, 6597/n, 6598/n.</marc:subfield>
    <marc:subfield code="3">51003988</marc:subfield>
  </marc:datafield>
  <marc:datafield tag="500" ind1=" " ind2=" ">
    <marc:subfield code="a">Hard cover, colorful pattern. The back and corners of the cover are reinforced with beige material. Red decorative sticker in center of the cover with title: FREDERIC | CHOPIN. | VOL. II., same inscription is on the back of the cover; embossed, gold letters.</marc:subfield>
    <marc:subfield code="3">51003988</marc:subfield>
  </marc:datafield>
  <marc:datafield tag="506" ind1=" " ind2=" ">
    <marc:subfield code="a">Treasury of the Library</marc:subfield>
    <marc:subfield code="3">51003988</marc:subfield>
  </marc:datafield>
  <marc:datafield tag="561" ind1=" " ind2=" ">
    <marc:subfield code="a">Purchase in 2017</marc:subfield>
    <marc:subfield code="3">51003988</marc:subfield>
  </marc:datafield>
  <marc:datafield tag="590" ind1=" " ind2=" ">
    <marc:subfield code="a">pf</marc:subfield>
    <marc:subfield code="b">17 p.</marc:subfield>
    <marc:subfield code="8">01</marc:subfield>
  </marc:datafield>
  <marc:datafield tag="593" ind1=" " ind2=" ">
    <marc:subfield code="a">Print</marc:subfield>
    <marc:subfield code="8">01</marc:subfield>
  </marc:datafield>
  <marc:datafield tag="594" ind1=" " ind2=" ">
    <marc:subfield code="b">pf</marc:subfield>
    <marc:subfield code="c">1</marc:subfield>
  </marc:datafield>
  <marc:datafield tag="594" ind1=" " ind2=" ">
    <marc:subfield code="a">pf</marc:subfield>
  </marc:datafield>
  <marc:datafield tag="599" ind1=" " ind2=" ">
    <marc:subfield code="b">full</marc:subfield>
  </marc:datafield>
  <marc:datafield tag="650" ind1="0" ind2="7">
    <marc:subfield code="a">Scherzos (inst.)</marc:subfield>
    <marc:subfield code="0">3000133</marc:subfield>
  </marc:datafield>
  <marc:datafield tag="650" ind1="0" ind2="7">
    <marc:subfield code="a">First editions</marc:subfield>
    <marc:subfield code="0">3902070</marc:subfield>
  </marc:datafield>
  <marc:datafield tag="650" ind1="0" ind2="7">
    <marc:subfield code="a">Reprints</marc:subfield>
    <marc:subfield code="0">3902072</marc:subfield>
  </marc:datafield>
  <marc:datafield tag="690" ind1=" " ind2="7">
    <marc:subfield code="a">ChomTurC</marc:subfield>
    <marc:subfield code="n">197</marc:subfield>
    <marc:subfield code="0">lit30000031</marc:subfield>
  </marc:datafield>
  <marc:datafield tag="691" ind1=" " ind2="7">
    <marc:subfield code="a">GrabowskiC 2010</marc:subfield>
    <marc:subfield code="n">20–1a-Sm</marc:subfield>
    <marc:subfield code="0">lit30025545</marc:subfield>
    <marc:subfield code="3"/>
  </marc:datafield>
  <marc:datafield tag="700" ind1="1" ind2=" ">
    <marc:subfield code="a">Albrecht, Thomas</marc:subfield>
    <marc:subfield code="d">19.sc</marc:subfield>
    <marc:subfield code="j">Ascertained</marc:subfield>
    <marc:subfield code="0">pe41009664</marc:subfield>
    <marc:subfield code="4">dte</marc:subfield>
    <marc:subfield code="3"/>
  </marc:datafield>
  <marc:datafield tag="710" ind1="2" ind2=" ">
    <marc:subfield code="a">Maurice Schlesinger</marc:subfield>
    <marc:subfield code="g">Ascertained</marc:subfield>
    <marc:subfield code="0">ks30080936</marc:subfield>
    <marc:subfield code="4">pbl</marc:subfield>
    <marc:subfield code="3"/>
  </marc:datafield>
  <marc:datafield tag="710" ind1="2" ind2=" ">
    <marc:subfield code="a">Wessel &amp; Co.</marc:subfield>
    <marc:subfield code="0">ks30076725</marc:subfield>
    <marc:subfield code="4">pbl</marc:subfield>
    <marc:subfield code="3"/>
  </marc:datafield>
  <marc:datafield tag="710" ind1="2" ind2=" ">
    <marc:subfield code="a">Breitkopf &amp; Härtel</marc:subfield>
    <marc:subfield code="0">ks40001558</marc:subfield>
    <marc:subfield code="4">pbl</marc:subfield>
    <marc:subfield code="3"/>
  </marc:datafield>
  <marc:datafield tag="852" ind1=" " ind2=" ">
    <marc:subfield code="a">PL-Wnifc</marc:subfield>
    <marc:subfield code="b">Biblioteka Narodowego Instytutu Fryderyka Chopina</marc:subfield>
    <marc:subfield code="e">Narodowy Instytut Fryderyka Chopina</marc:subfield>
    <marc:subfield code="x">ks51003139</marc:subfield>
    <marc:subfield code="3">51003988</marc:subfield>
    <marc:subfield code="c">6593/n</marc:subfield>
    <marc:subfield code="p"/>
    <marc:subfield code="q"/>
    <marc:subfield code="u"/>
    <marc:subfield code="z"/>
  </marc:datafield>
  <marc:datafield tag="973" ind1=" " ind2=" ">
    <marc:subfield code="u">1001147217</marc:subfield>
    <marc:subfield code="3">51003988</marc:subfield>
  </marc:datafield>
  <marc:datafield tag="980" ind1=" " ind2=" ">
    <marc:subfield code="a">RISM</marc:subfield>
    <marc:subfield code="c">examined</marc:subfield>
  </marc:datafield>
</marc:record>
